<?xml version="1.0" encoding="UTF-8"?><collection xmlns="http://www.loc.gov/MARC21/slim"><record><leader>00442nam--2200145-i-4500</leader><controlfield tag="001">000006057</controlfield><controlfield tag="002">20161230</controlfield><controlfield tag="005">20161230201026</controlfield><controlfield tag="008">060222s1000------------r-----000-0-eng-d</controlfield><datafield ind1=" " ind2=" " tag="080"><subfield code="a">543.25:541.138</subfield></datafield><datafield ind1=" " ind2=" " tag="100"><subfield code="a">Bodoz-lambring, J., Tremillon, B., Charlot, G</subfield></datafield><datafield ind1=" " ind2=" " tag="245"><subfield code="a">Electrochemical reactions.the electrochemical methods of analysis</subfield></datafield><datafield ind1=" " ind2=" " tag="260"><subfield code="a">Amsterdam, Elsevier Publishing Co., 1962. Xi + 376 P</subfield></datafield><datafield ind1=" " ind2=" " tag="700"><subfield code="a">Charlot, G</subfield></datafield><datafield ind1=" " ind2=" " tag="852"><subfield code="a">17859</subfield></datafield></record></collection>